<?xml version="1.0" encoding="UTF-8"?><collection xmlns="http://www.loc.gov/MARC21/slim"><record><leader>00378nam--2200133-i-4500</leader><controlfield tag="001">000049938</controlfield><controlfield tag="002">20161230</controlfield><controlfield tag="005">20161230201047</controlfield><controlfield tag="008">060222s1000------------r-----000-0-eng-d</controlfield><datafield ind1=" " ind2=" " tag="080"><subfield code="a">517.93:535.42</subfield></datafield><datafield ind1=" " ind2=" " tag="100"><subfield code="a">Babich,V.M. I Kirpichnikova,N.Ia</subfield></datafield><datafield ind1=" " ind2=" " tag="245"><subfield code="a">Metod progranichnogo sloia v zadachah difrakcii</subfield></datafield><datafield ind1=" " ind2=" " tag="260"><subfield code="a">Leningrad, Izd.Leningradskogo Univ.,1974. 124 S</subfield></datafield><datafield ind1=" " ind2=" " tag="852"><subfield code="a">43264</subfield></datafield></record></collection>